%YAML 1.1
%TAG !u! tag:unity3d.com,2011:
--- !u!1 &4060329119411594028
GameObject:
  m_ObjectHideFlags: 0
  m_CorrespondingSourceObject: {fileID: 0}
  m_PrefabInstance: {fileID: 0}
  m_PrefabAsset: {fileID: 0}
  serializedVersion: 6
  m_Component:
  - component: {fileID: 5386024334019749708}
  - component: {fileID: 2093596283874429108}
  - component: {fileID: 686118075090296540}
  m_Layer: 0
  m_Name: PipeDown+Floor
  m_TagString: Untagged
  m_Icon: {fileID: 0}
  m_NavMeshLayer: 0
  m_StaticEditorFlags: 0
  m_IsActive: 1
--- !u!4 &5386024334019749708
Transform:
  m_ObjectHideFlags: 0
  m_CorrespondingSourceObject: {fileID: 0}
  m_PrefabInstance: {fileID: 0}
  m_PrefabAsset: {fileID: 0}
  m_GameObject: {fileID: 4060329119411594028}
  m_LocalRotation: {x: 0, y: 0, z: 0, w: 1}
  m_LocalPosition: {x: 0, y: 0, z: 0}
  m_LocalScale: {x: 1, y: 1, z: 1}
  m_Children:
  - {fileID: 1736164890549322175}
  - {fileID: 1601889622109424432}
  m_Father: {fileID: 0}
  m_RootOrder: 0
  m_LocalEulerAnglesHint: {x: 0, y: 0, z: 0}
--- !u!114 &2093596283874429108
MonoBehaviour:
  m_ObjectHideFlags: 0
  m_CorrespondingSourceObject: {fileID: 0}
  m_PrefabInstance: {fileID: 0}
  m_PrefabAsset: {fileID: 0}
  m_GameObject: {fileID: 4060329119411594028}
  m_Enabled: 1
  m_EditorHideFlags: 0
  m_Script: {fileID: 11500000, guid: 38776701b1cf0db49bbe35be9904bb22, type: 3}
  m_Name: 
  m_EditorClassIdentifier: 
  _spawnableObjectLocation: 1
  runTimeChangableObjectDown: {fileID: 0}
  runTimeChangableObjectUp: {fileID: 7312349510647472028}
--- !u!61 &686118075090296540
BoxCollider2D:
  m_ObjectHideFlags: 0
  m_CorrespondingSourceObject: {fileID: 0}
  m_PrefabInstance: {fileID: 0}
  m_PrefabAsset: {fileID: 0}
  m_GameObject: {fileID: 4060329119411594028}
  m_Enabled: 1
  m_Density: 1
  m_Material: {fileID: 0}
  m_IsTrigger: 1
  m_UsedByEffector: 0
  m_UsedByComposite: 0
  m_Offset: {x: 0.008406937, y: -0.12610388}
  m_SpriteTilingProperty:
    border: {x: 0, y: 0, z: 0, w: 0}
    pivot: {x: 0, y: 0}
    oldSize: {x: 0, y: 0}
    newSize: {x: 0, y: 0}
    adaptiveTilingThreshold: 0
    drawMode: 0
    adaptiveTiling: 0
  m_AutoTiling: 0
  serializedVersion: 2
  m_Size: {x: 0.20974934, y: 1.2522078}
  m_EdgeRadius: 0
--- !u!1001 &4315607861337478319
PrefabInstance:
  m_ObjectHideFlags: 0
  serializedVersion: 2
  m_Modification:
    m_TransformParent: {fileID: 5386024334019749708}
    m_Modifications:
    - target: {fileID: 3305378672588939167, guid: cc96b9c4f06190b48956ad640bbd3db8, type: 3}
      propertyPath: m_RootOrder
      value: 1
      objectReference: {fileID: 0}
    - target: {fileID: 3305378672588939167, guid: cc96b9c4f06190b48956ad640bbd3db8, type: 3}
      propertyPath: m_LocalPosition.x
      value: 0
      objectReference: {fileID: 0}
    - target: {fileID: 3305378672588939167, guid: cc96b9c4f06190b48956ad640bbd3db8, type: 3}
      propertyPath: m_LocalPosition.y
      value: 1.47
      objectReference: {fileID: 0}
    - target: {fileID: 3305378672588939167, guid: cc96b9c4f06190b48956ad640bbd3db8, type: 3}
      propertyPath: m_LocalPosition.z
      value: 0
      objectReference: {fileID: 0}
    - target: {fileID: 3305378672588939167, guid: cc96b9c4f06190b48956ad640bbd3db8, type: 3}
      propertyPath: m_LocalRotation.w
      value: 1
      objectReference: {fileID: 0}
    - target: {fileID: 3305378672588939167, guid: cc96b9c4f06190b48956ad640bbd3db8, type: 3}
      propertyPath: m_LocalRotation.x
      value: -0
      objectReference: {fileID: 0}
    - target: {fileID: 3305378672588939167, guid: cc96b9c4f06190b48956ad640bbd3db8, type: 3}
      propertyPath: m_LocalRotation.y
      value: -0
      objectReference: {fileID: 0}
    - target: {fileID: 3305378672588939167, guid: cc96b9c4f06190b48956ad640bbd3db8, type: 3}
      propertyPath: m_LocalRotation.z
      value: -0
      objectReference: {fileID: 0}
    - target: {fileID: 3305378672588939167, guid: cc96b9c4f06190b48956ad640bbd3db8, type: 3}
      propertyPath: m_LocalEulerAnglesHint.x
      value: 0
      objectReference: {fileID: 0}
    - target: {fileID: 3305378672588939167, guid: cc96b9c4f06190b48956ad640bbd3db8, type: 3}
      propertyPath: m_LocalEulerAnglesHint.y
      value: 0
      objectReference: {fileID: 0}
    - target: {fileID: 3305378672588939167, guid: cc96b9c4f06190b48956ad640bbd3db8, type: 3}
      propertyPath: m_LocalEulerAnglesHint.z
      value: 0
      objectReference: {fileID: 0}
    - target: {fileID: 6818081908325583667, guid: cc96b9c4f06190b48956ad640bbd3db8, type: 3}
      propertyPath: m_Name
      value: Pipe_Down
      objectReference: {fileID: 0}
    m_RemovedComponents:
    - {fileID: 473910393, guid: cc96b9c4f06190b48956ad640bbd3db8, type: 3}
  m_SourcePrefab: {fileID: 100100000, guid: cc96b9c4f06190b48956ad640bbd3db8, type: 3}
--- !u!1 &7312349510647472028 stripped
GameObject:
  m_CorrespondingSourceObject: {fileID: 6818081908325583667, guid: cc96b9c4f06190b48956ad640bbd3db8, type: 3}
  m_PrefabInstance: {fileID: 4315607861337478319}
  m_PrefabAsset: {fileID: 0}
--- !u!4 &1601889622109424432 stripped
Transform:
  m_CorrespondingSourceObject: {fileID: 3305378672588939167, guid: cc96b9c4f06190b48956ad640bbd3db8, type: 3}
  m_PrefabInstance: {fileID: 4315607861337478319}
  m_PrefabAsset: {fileID: 0}
--- !u!1001 &8307727354982473917
PrefabInstance:
  m_ObjectHideFlags: 0
  serializedVersion: 2
  m_Modification:
    m_TransformParent: {fileID: 5386024334019749708}
    m_Modifications:
    - target: {fileID: 1824242152952468698, guid: d03a5d2de319a544daf061bed0daac29, type: 3}
      propertyPath: m_Name
      value: Floor
      objectReference: {fileID: 0}
    - target: {fileID: 7733492857296920834, guid: d03a5d2de319a544daf061bed0daac29, type: 3}
      propertyPath: m_RootOrder
      value: 0
      objectReference: {fileID: 0}
    - target: {fileID: 7733492857296920834, guid: d03a5d2de319a544daf061bed0daac29, type: 3}
      propertyPath: m_LocalPosition.x
      value: 0
      objectReference: {fileID: 0}
    - target: {fileID: 7733492857296920834, guid: d03a5d2de319a544daf061bed0daac29, type: 3}
      propertyPath: m_LocalPosition.y
      value: -1.014
      objectReference: {fileID: 0}
    - target: {fileID: 7733492857296920834, guid: d03a5d2de319a544daf061bed0daac29, type: 3}
      propertyPath: m_LocalPosition.z
      value: 0
      objectReference: {fileID: 0}
    - target: {fileID: 7733492857296920834, guid: d03a5d2de319a544daf061bed0daac29, type: 3}
      propertyPath: m_LocalRotation.w
      value: 1
      objectReference: {fileID: 0}
    - target: {fileID: 7733492857296920834, guid: d03a5d2de319a544daf061bed0daac29, type: 3}
      propertyPath: m_LocalRotation.x
      value: -0
      objectReference: {fileID: 0}
    - target: {fileID: 7733492857296920834, guid: d03a5d2de319a544daf061bed0daac29, type: 3}
      propertyPath: m_LocalRotation.y
      value: -0
      objectReference: {fileID: 0}
    - target: {fileID: 7733492857296920834, guid: d03a5d2de319a544daf061bed0daac29, type: 3}
      propertyPath: m_LocalRotation.z
      value: -0
      objectReference: {fileID: 0}
    - target: {fileID: 7733492857296920834, guid: d03a5d2de319a544daf061bed0daac29, type: 3}
      propertyPath: m_LocalEulerAnglesHint.x
      value: 0
      objectReference: {fileID: 0}
    - target: {fileID: 7733492857296920834, guid: d03a5d2de319a544daf061bed0daac29, type: 3}
      propertyPath: m_LocalEulerAnglesHint.y
      value: 0
      objectReference: {fileID: 0}
    - target: {fileID: 7733492857296920834, guid: d03a5d2de319a544daf061bed0daac29, type: 3}
      propertyPath: m_LocalEulerAnglesHint.z
      value: 0
      objectReference: {fileID: 0}
    m_RemovedComponents:
    - {fileID: -8101478785268366841, guid: d03a5d2de319a544daf061bed0daac29, type: 3}
  m_SourcePrefab: {fileID: 100100000, guid: d03a5d2de319a544daf061bed0daac29, type: 3}
--- !u!4 &1736164890549322175 stripped
Transform:
  m_CorrespondingSourceObject: {fileID: 7733492857296920834, guid: d03a5d2de319a544daf061bed0daac29, type: 3}
  m_PrefabInstance: {fileID: 8307727354982473917}
  m_PrefabAsset: {fileID: 0}
